@inproceedings{ross2008bayesian,
  title={Bayesian reinforcement learning in continuous POMDPs with application to robot navigation},
  author={Ross, Stephane and Chaib-draa, Brahim and Pineau, Joelle},
  booktitle={Robotics and Automation, 2008. ICRA 2008. IEEE International Conference on},
  pages={2845--2851},
  year={2008},
  organization={IEEE}
}

@techreport{rnib-objectives,
  title = {UK Vision Strategy},
  howpublished = {\url{http://www.rnib.org.uk/about-rnib-what-we-do/uk-vision-strategy}},
  note = {Accessed: 19-07-2016},
  author = {RNIB},
  year = {2016},
}

@book{book-humancontrol,
    author    = "Jagacinski, J. Richard and Flach, M. John",
    title     = "{Control Theory for Humans}",
    publisher = "{Laurence Erlbaum Associates, Inc.}",
    year      = "2003",
}

@techreport{rnib-report,
    author    = "{Access Economics}",
    title     = "{Future Sight Loss {UK}(1): The Economic impact of Partial Sight and Blindness in the UK Adult Population}",
    institution = "Royal National Institute for the Blind (RNIB)",
    year      = "2009",
    month    = "July",
}

@techreport{who-report,
    author    = "{World Health Organisation}",
    title     = "{Global Data on Visual Impairment}",
    institution = "{World Health Organisation}",
    year      = "2010",
}

@conference{frauenberger2003,
    author    = "Frauenberger, C. and Noisterig, M.",
    title     = "{3D Audio Interface for the Blind}",
    booktitle = "Proceedings of the International Conference on Auditory Display",
    year      = "2003",
    pages     = "280 - 283",
}

@conference{gallina2015,
    author    = "Gallina, P. and Bellotto, N. and Di Luca, M.",
    title     = "{Progressive Co-Adaptation in Human-Machine Interaction}",
    booktitle = "12th International Conference on Informatics in Control Proceedings (ICINCO 2015)",
    year      = "2015",
    pages     = "2362 - 368",
}

@conference{ulrich1997,
    author    = "Borenstein, J and Ulrich, I",
    title     = "{The GuideCane - A Computerised Travel Aid for the Active Guidance of Blind Pedestrians}",
    booktitle = "Proceedings of IEEE International Conference on Robotics and Automation",
    year      = "1997",
    pages     = "1283 - 1288",
}

@conference{willis2005,
    author    = "Willis, S and Helal, S",
    title     = "{RFID Information Grid for Blind Navigation and Wayfinding}",
    booktitle = "Proceedings of the 9th IEEE International Symposium on Wearable Computers",
    year      = "2005",
    pages     = "34 - 37",
}

@conference{bellotto2013,
    author    = "Bellotto, N.",
    title     = "{A Multimodal Smartphone Interface for Active Perception by Visually Impaired}",
    booktitle = "IEEE SMC International Workshop on Human Machine Systems, Cyborgs and Enhancing Devices (HUMASCEND)",
    year      = "2013",
}

@conference{kane2011,
    author    = "Kane, Sk and Wobbrock, Jo and Ladner, Re",
    title     = "{Usable Gestures for Blind People: Understanding Preference and Performance}",
    booktitle = "Proceedings of the 2011 Annual Conference on Human Factors in Computing Systems - CHI '11",
    year      = "2011",
    pages     = "413 - 422",
}

@article{rogerio2014,
    author    = "Rog√©rio {Dos Santos Alves} and Alex Soares de Souza",
    title     = "{Multimodal and Alternative Perception for the Visually Impaired: A Survey Structured}",
    journal   = "Igarss",
    pages    = "1 - 5",
    year      = "2014",
}

@article{meijer2010,
    author    = "Ward, Jamie and Meijer, Pieter",
    title     = "{Visual Experiences in the Blind Induced by an Auditory Sensory Substitution Device}",
    journal   = "Conciousness and Cognition",
    pages    = "425 - 500",
    year      = "2010",
}

@article{tian2013,
    author    = "Arditi, Aries and Tian, YingLi",
    title     = "{User Interface Preferences in the Design if a Camera-Based Navigation and Wayfinding Aid}",
    journal   = "Journal of Visual Impairments and Blindness",
    pages    = "118 - 129",
    year      = "2013",
}

@article{tian2013b,
    author    = "Tian, Yingli and Yang, Xiaodong and Yi, Chucai and Arditi, Aries",
    title     = "{Toward a Computer Vision-Based Wayfinding Aid for Blind Persons to Access Unfamiliar Indoor Environments}",
    journal   = "Machine Vision and Applications",
    pages    = "521 - 535",
    year      = "2013",
}

@article{lee2015,
    author    = "Lee, Young Hoon and Medioni, Gerard",
    title     = "{RGB-D Camera Based Wearable Navigation System for the Visually Impaired}",
    journal   = "Computer Vision and Image Understanding",
    pages    = "3 - 20",
    year      = "2015",
}

@article{chessa2016,
    author    = "Chessa, Manuela and Noceti, Nicoletta and Odone, Francesca and Solari, Fabio and Sosa-Garc\'{i}a, JoanLee",
    title     = "{An Integrated Artificial Vision Framework for Assisting Visually Impaired Users}",
    journal   = "Computer Vision and Image Understanding",
    pages    = "209 - 228",
    year      = "2016",
}

@unpublished{efab2014,
	author	= "{Deloitte Access Economics}",
	title	= "{The Cost of Blindness}",
	note	= "Report, to be published in 2016",
}

@inproceedings{Merel2013,
 author = {Merel, Josh and Fox, Roy and Jebara, Tony and Paninski, Liam},
 title = {A Multi-agent Control Framework for Co-adaptation in Brain-computer Interfaces},
 booktitle = {Proceedings of the 26th International Conference on Neural Information Processing Systems},
 series = {NIPS'13},
 year = {2013},
 location = {Lake Tahoe, Nevada},
 pages = {2841--2849},
 numpages = {9},
 url = {http://dl.acm.org/citation.cfm?id=2999792.2999929},
 acmid = {2999929},
 publisher = {Curran Associates Inc.},
 address = {USA},
}

@INBOOK{Dixon2012,
  pages = {137--155},
  title = {Human Factors in Reliable Design},
  publisher = {John Wiley \& Sons, Inc.},
  year = {2012},
  author = {Dixon, J.},
  booktitle = {Design for Reliability}
}

@inproceedings{Jokela2003,
 author = {Jokela, Timo and Iivari, Netta and Matero, Juha and Karukka, Minna},
 title = {The Standard of User-centered Design and the Standard Definition of Usability: Analyzing ISO 13407 Against ISO 9241-11},
 booktitle = {Proceedings of the Latin American Conference on Human-computer Interaction},
 series = {CLIHC '03},
 year = {2003},
 location = {Rio de Janeiro, Brazil},
 pages = {53--60},
 numpages = {8},
}

@article{Rivlin2000,
  title={Control of a camera for active vision: Foveal vision, smooth tracking and saccade},
  author={Rivlin, Ehud and Rotstein, H{\'e}ctor},
  journal={International Journal of Computer Vision},
  volume={39},
  number={2},
  pages={81--96},
  year={2000},
  publisher={Springer}
}

@inproceedings{faria2010electronic,
  title={Electronic white cane for blind people navigation assistance},
  author={Faria, Jos{\'e} and Lopes, S{\'e}rgio and Fernandes, Hugo and Martins, Paulo and Barroso, Jo{\~a}o},
  booktitle={World Automation Congress (WAC), 2010},
  pages={1--7},
  year={2010},
  organization={IEEE}
}

@inproceedings{ran2004drishti,
  title={Drishti: an integrated indoor/outdoor blind navigation system and service},
  author={Ran, Lisa and Helal, Sumi and Moore, Steve},
  booktitle={Pervasive Computing and Communications, 2004. PerCom 2004. Proceedings of the Second IEEE Annual Conference on},
  pages={23--30},
  year={2004},
  organization={IEEE}
}

@book{marion2008batcane,
   title =     {Assistive Technology for Visually Impaired and Blind People},
   author =    {Marion A. Hersh and Michael A. Johnson},
   publisher = {Springer-Verlag London},
   isbn =      {1846288665,9781846288661},
   year =      {2008},
   series =    {},
   edition =   {1},
   volume =    {},
}

@inproceedings{rodriguez2012obstacle,
  title={Obstacle avoidance system for assisting visually impaired people},
  author={Rodr{\'\i}guez, Alberto and Bergasa, Luis M and Alcantarilla, Pablo F and Yebes, Javier and Cela, Andr{\'e}s},
  booktitle={Proceedings of the IEEE Intelligent Vehicles Symposium Workshops, Madrid, Spain},
  volume={35},
  pages={16},
  year={2012}
}

@article{khoo2016multimodal,
  title={Multimodal and alternative perception for the visually impaired: a survey},
  author={Khoo, Wai Lun and Zhu, Zhigang},
  journal={Journal of Assistive Technologies},
  volume={10},
  number={1},
  pages={11--26},
  year={2016},
  publisher={Emerald Group Publishing Limited}
}

@inproceedings{ross2000wearable,
  title={Wearable interfaces for orientation and wayfinding},
  author={Ross, David A and Blasch, Bruce B},
  booktitle={Proceedings of the fourth international ACM conference on Assistive technologies},
  pages={193--200},
  year={2000},
  organization={ACM}
}

@article{holland2002audiogps,
  title={AudioGPS: Spatial audio navigation with a minimal attention interface},
  author={Holland, Simon and Morse, David R and Gedenryd, Henrik},
  journal={Personal and Ubiquitous computing},
  volume={6},
  number={4},
  pages={253--259},
  year={2002},
  publisher={Springer}
}

@book{katz2011spatial,
  title={Spatial audio applied to research with the blind},
  author={Katz, Brian FG and Picinali, Lorenzo},
  year={2011},
  publisher={INTECH Open Access Publisher}
}

@article{zwiers2001spatial,
  title={A spatial hearing deficit in early-blind humans},
  author={Zwiers, MP and Van Opstal, AJ and Cruysberg, JRM},
  journal={Journal of Neuroscience},
  volume={21},
  number={9},
  pages={RC142--RC142},
  year={2001},
  publisher={Society for Neuroscience}
}

@article{ashmead1998spatial,
  title={Spatial hearing in children with visual disabilities},
  author={Ashmead, Daniel H and Wall, Robert S and Ebinger, Kiara A and Eaton, Susan B and Snook-Hill, Mary-M and Yang, Xuefeng},
  journal={Perception},
  volume={27},
  number={1},
  pages={105--122},
  year={1998},
  publisher={SAGE Publications Sage UK: London, England}
}

@article{hiebert2005openal,
  title={Openal 1.1 specification and reference},
  author={Hiebert, Garin},
  year={2005}
}

@article{pratt1930spatial,
  title={The spatial character of high and low tones.},
  author={Pratt, Carroll C},
  journal={Journal of Experimental Psychology},
  volume={13},
  number={3},
  pages={278},
  year={1930},
  publisher={Psychological Review Company}
}

@article{shepard1964circularity,
  title={Circularity in judgments of relative pitch},
  author={Shepard, Roger N},
  journal={The Journal of the Acoustical Society of America},
  volume={36},
  number={12},
  pages={2346--2353},
  year={1964},
  publisher={ASA}
}

@article{algazi2001elevation,
  title={Elevation localization and head-related transfer function analysis at low frequencies},
  author={Algazi, V Ralph and Avendano, Carlos and Duda, Richard O},
  journal={The Journal of the Acoustical Society of America},
  volume={109},
  number={3},
  pages={1110--1122},
  year={2001},
  publisher={ASA}
}

@article{roffler1968factors,
  title={Factors that influence the localization of sound in the vertical plane},
  author={Roffler, Suzanne K and Butler, Robert A},
  journal={The Journal of the Acoustical Society of America},
  volume={43},
  number={6},
  pages={1255--1259},
  year={1968},
  publisher={ASA}
}

@book{bujacz2011sonification,
  title={Sonification of 3d scenes in an electronic travel aid for the blind},
  author={Bujacz, Michal and Materka, Andrzej and Pec, Michal and Strumillo, Pawel and Skulimowski, Piotr},
  year={2011},
  publisher={INTECH Open Access Publisher}
}

@article{zotkin2004rendering,
  title={Rendering localized spatial audio in a virtual auditory space},
  author={Zotkin, Dmitry N and Duraiswami, Ramani and Davis, Larry S},
  journal={IEEE Transactions on Multimedia},
  volume={6},
  number={4},
  pages={553--564},
  year={2004},
  publisher={IEEE}
}

@article{mackenzie1992fitts,
  title={Fitts' law as a research and design tool in human-computer interaction},
  author={MacKenzie, I Scott},
  journal={Human-computer interaction},
  volume={7},
  number={1},
  pages={91--139},
  year={1992},
  publisher={L. Erlbaum Associates Inc.}
}

@article{fitts1954information,
  title={The information capacity of the human motor system in controlling the amplitude of movement.},
  author={Fitts, Paul M},
  journal={Journal of experimental psychology},
  volume={47},
  number={6},
  pages={381},
  year={1954},
  publisher={American Psychological Association}
}
